<record><leader>00000cas a22000007a 4500</leader><controlfield tag="001">16964143</controlfield><controlfield tag="008">871111d18891890iauwr ne      0    0eng d</controlfield><datafield ind1=" " ind2=" " tag="010"><subfield code="a">sn 87057053 </subfield></datafield><datafield ind1=" " ind2=" " tag="040"><subfield code="a">INP</subfield><subfield code="b">eng</subfield><subfield code="c">INP</subfield><subfield code="d">OCLCQ</subfield></datafield><datafield ind1=" " ind2=" " tag="042"><subfield code="a">msc</subfield></datafield><datafield ind1="0" ind2="0" tag="245"><subfield code="a">Lemars sun.</subfield></datafield><datafield ind1="3" ind2="0" tag="246"><subfield code="a">Le Mars sun</subfield></datafield><datafield ind1=" " ind2=" " tag="260"><subfield code="a">Lemars, Iowa :</subfield><subfield code="b">R. Goldie,</subfield><subfield code="c">1889-</subfield></datafield><datafield ind1=" " ind2=" " tag="300"><subfield code="a">v.</subfield></datafield><datafield ind1=" " ind2=" " tag="310"><subfield code="a">Weekly</subfield></datafield><datafield ind1="0" ind2=" " tag="362"><subfield code="a">Vol. 1, no. 28 (July 4, 1889)-</subfield></datafield><datafield ind1="1" ind2=" " tag="362"><subfield code="a">Ceased in 1890.</subfield></datafield><datafield ind1=" " ind2=" " tag="752"><subfield code="a">United States</subfield><subfield code="b">Iowa</subfield><subfield code="c">Plymouth</subfield><subfield code="d">Le Mars.</subfield></datafield><datafield ind1="0" ind2="0" tag="780"><subfield code="t">Lemars Sunday sun</subfield><subfield code="w">(DLC)sn 87057052</subfield></datafield><datafield ind1="0" ind2="0" tag="785"><subfield code="t">Lemars weekly sun</subfield><subfield code="w">(DLC)sn 87057054</subfield></datafield></record>